@BOOK{howardjohnson,
   title =     {High Speed Signal Propagation},
   author =    {Johnson H.},
   publisher = {Prentice Hall},
   year =      {2003},
  }
@BOOK{popovic,
   title =     {Introductory Electromagnetics},
   author =    {Popovic Z., Popovic B.},
   publisher = {Prentice Hall},
   year =      {2000},
  }
@BOOK{paperskin,
   title =     {Demonstration od the lateral AC skin effect using a pickup coil},
   author =    {Blackwell A., Rotunno A., Aubin S.},
   publisher = {American Journal of Physics},
   volume = {88},
   number = {676},
   year =   {2020},
   }
@BOOK{goldsteinpaper,
   title =     {The Classical Motion of a Rigid Charged Body in a Magnetic Field},
   author =    {Goldstein H.},
   publisher = {American Journal of Physics},
   volume = {19},
   number = {100},
   year =   {1951},
   }
@BOOK{landau2,
   title =     {The Classical Theory of Fields: Fourth Revised English Edition},
   author =    {Landau L.D. and Lifshitz E.M.},
   publisher = {Butterworth Heinemann},
   year =      {1994},
  }
@BOOK{moore,
   title =     {A General Relativity Workbook},
   author =    {Moore T.A.},
   publisher = {University Science Books, Mill Valley, California},
   year =      {2010},
  }
@BOOK{wheeler,
   title =     {Exploring Black Holes: Introduction to General Relativity},
   author =    {Wheeler J.A and Taylor E.F.},
   publisher = {Pearson Education, Addison Wesley Longman},
   year =      {2000},
  }
@BOOK{bessel,
   title =     {Asymptotic Expansion of Bessel Functions; Applications to Electromagnetics},
   author =    {Sekeljic N.},
   publisher = {Colorado State University, Department of Electrical Engineering},
   year =      {2010},
  }
  
  @BOOK{AlonsoFinn,
   title =     {Física},
   author =    {Alonso, M. and Finn, E. J.},
   publisher = {Addison-Wesley Publishing Company},
   year =      {1995},
}

@BOOK{Griffel,
   title =     {Applied functional analysis},
   author =    {Griffel, D. H.},
   publisher = {Ellis Horwood Ltd.},
   year =      {1985},
}

@misc{constmov,
    howpublished = "sites.google.com/view/mecanicaclasica/notas-de-clases",
    author = {Cátedra de Mecánica Clásica},
    title = {Constantes de movimiento: función hamiltoniana y energía},
    note = "Accedido en la fecha 16/05/2020"
}

@misc{Luisman6,
    howpublished = "sites.google.com/view/mecanicaclasica/notas-de-clases",
    author = {Cátedra de Mecánica Clásica},
    title = {Potenciales generalizados},
    note = "Accedido en la fecha 16/06/2020"
}

@misc{gauge,
    howpublished = "sites.google.com/view/mecanicaclasica/notas-de-clases",
    author = {Cátedra de Mecánica Clásica},
    title = {Transformaciones de gauge y puntuales},
    note = "Accedido en la fecha 16/05/2020"
}

@misc{noether,
    howpublished = "sites.google.com/view/mecanicaclasica/notas-de-clases",
    author = {Cátedra de Mecánica Clásica},
    title = {Momento canónico conjugado: simetrías y teorema de Noether},
    note = "Accedido en la fecha 16/05/2020"
}

@BOOK{Gold,
   title =     {Classical Mechanics},
   author =    {Goldstein, H.},
   publisher = {Addison-Wesley Publishing Company},
   year =      {1980},
}

@BOOK{Hand,
   title =     {Analytical Mechanics},
   author =    {Hand, L. N. and Finch, J. D.},
   publisher = {Cambridge University Press},
   year =      {1998},
}

@BOOK{BlatterPerretta,
   title =     {Ondas transversales: Cuerdas con extremos fijos},
   author =    {Blatter, G. and Perretta, M.},
   year =      {2019},
}

@BOOK{Rutherford,
   title =     {The Scattering of $\alpha$ and $\beta$ Particles by Matter and the Structure of the Atom},
   author =    {Rutherford, E.},
   publisher = {University of Manchester},
   year =      {1911},
}

@BOOK{MagneticMoment,
   title =     {Thoughts on the magnetic vector potential},
   author =    {Semon, M. D. and Taylor, J. R.},
   publisher = {American Association of Physics Teachers},
   year =      {1996},
}

@article{Konopinski,
   title =     {What the electromagnetic vector potential describes},
   author =    {Konopinski, E. J.},
   journal = {American Journal of Physics},
   year =      {1978},
}

@BOOK{fundelect,
   title =     {Fundamentos de electrónica física y microelectrónica},
   author =    {Albella, J. M. and Martíne-Duart, J. M.},
   publisher = {Addison-Wesley Publishing Company},
   year =      {1996},
}

@misc{gravity,
    howpublished = "http://www.ign.gob.ar/NuestrasActividades/Geodesia/\\Gravimetria/RAGA ",
    author = {I.G.N.},
    title = {RED ARGENTINA DE GRAVEDAD ABSOLUTA},
    note = "Accedido en la fecha 06/12/2019"
}

@misc{polLeg,
    howpublished = "\url{https://es.wikipedia.org/wiki/Polinomios\_de\_Legendre}",
    author ={Wikipedia},
    title = {Propiedades adicionales de los polinomios de {L}egendre},
    note = "Accedido en la fecha 9/04/2020"
}

@misc{Fraunhofer,
    howpublished = "\url{en.wikipedia.org/wiki/Fraunhofer_diffraction_equation}",
    author = {Wikipedia},
    title = {Fraunhofer Diffraction Equation | \textit{Rectangular aperture}},
}
@misc{Ojo,
    howpublished = "\url{hyperphysics.phy-astr.gsu.edu/hbasees/vision/colcon.html}",
    author = {Olmo, M. and Nave, R.},
    title = {Los Conos Sensibles al Color},
    note = "Accedido en la fecha 12/11/2019"
}

@BOOK{Optica,
   title =     {Optics},
   author =    {Sears, F. W.},
   edition = 3,
   publisher = {Addison-Wesley Publishing Company},
   year =      {1956},
}

@BOOK{Jackson,
   title =     {Classical Electrodynamics},
   author =    {Jackson, J. D.},
   edition = 3,
   publisher = {John Wiley and Sons, Inc.},
   year =      {1999},
}
@BOOK{GriffithsCuantica,
   title =     {Introduction to Quantum Mechanics},
   author =    {Griffiths, D. J.},
   edition = 3,
   publisher = {Prentice Hall, Inc.},
   year =      {2005},
}
@BOOK{atkins,
   title =     {Molecular Quantum Mechanics},
   author =    {Atkins, P. and Friedman, R.},
   edition = 3,
   publisher = {Prentice Hall, Inc.},
   year =      {2005},
}
@BOOK{Griffiths,
   title =     {Introduction to Electrodynamics},
   author =    {Griffiths, D. J.},
   edition = 3,
   publisher = {Prentice Hall, Inc.},
   year =      {1999},
}

@BOOK{Zangwill,
   title =     {Modern Electrodynamics},
   author =    {Zangwill, A.},
   edition = {1},
   publisher = {Cambridge University Press},
   year =      {2012}
}

@article{Hinds,
   author =    {Hinds, E. A. and Hughes, I. G.},
   title =     {Magnetic atom optics: mirrors, guides, traps, and chips for atoms},
   journal = {Journal of Physics D: Applied Physics},
   volume = {32},
   number = {18},
   pages = {R119--R146},
   year =      {1999},
}

@article{Jhonny,
   author =    {Jonatan Nordebo},
   title =     {The Reissner-Nordström metric},
   journal = {Umeå University, Faculty of Science and Technology, Department of Physics.},
   year =      {2016}
}

@BOOK{Flaco1,
   title =     {Carga puntual frente a una esfera conductora cargada},
   author =    {Ghioldi, E. and Gazza, C.},
   year =      {2020},
}

@BOOK{Flaco2,
   title =     {Solutions to Laplace’s Equations I, II \& III},
   author =    {{Electromagnetismo I, FCEIA}},
   year =      {2020},
}

@BOOK{howardjohnson,
   title =     {High Speed Signal Propagation - Advanced Black Magic},
   author =    {H. Johnson},
   publisher = {Prentice Hall},
   year =      {2003},
}

@BOOK{popovic,
   title =     {Introductory Electromagnetics},
   author =    {Z. Popovic, B. Popovic},
   publisher = {Prentice Hall},
   year =      {2000},
} 

@BOOK{blackwell,
   title =     {Demonstration od the lateral AC skin effect using a pickup coil},
   author =    {A. Blackwell, A. Rotunno, S. Aubin},
   publisher = {American Journal of Physics},
   volume = {88},
   number = {676},
   year =   {2020},
}  
@BOOK{olysalager,
   title =     {Skin effect},
   author =    {F. Olyslager, D. De Zutter},
   publisher = {Ghent University},
   year =   {1999},
}  
@BOOK{bessel ,
   title =     {Asymptotic Expansion of Bessel Functions; Applications to Electromagnetics},
   author =    {N. Sekeljic},
   publisher = {Colorado State University, Department of Electrical Engineering},
   year =      {2010},
}

@BOOK{resistencia ,
   title =     {Skin Effect - Appendix B},
   author =    {N. Mitschke},
   publisher = {},
   year =      {2009},
}

@BOOK{taylor,
   title =     {Classical Mechanics},
   author =    {John R. Taylor},
   publisher = {University Science Books},
   year =      {2005},
}

@BOOK{marion,
   title =     {Classical Dynamics of particles and systems},
   author =    {Stephen T. Thornton, Jerry B. Marion},
   publisher = {Thomson Brooks/Cole},
   year =      {Quinta edición},
}

@BOOK{Luisman,
   title =     {Mecanica Clásica, notas de clase},
   author =    {Luis O. Manuel},
   %publisher = {},
   year =      {2020},
}

@BOOK{arfken,
   title =     {Mathematical Methods for Physicists},
   author =    {George B. Arfken, Hans J. Weber},
   publisher = {Academic Press},
   year =      {2005},
}