@article{bardi2006calculus,
  title={The Calculus Wars: Newton},
  author={Bardi, Jason Socrates},
  journal={Leibniz, and the Greatest Mathematical Clash of All Time (Thunder Mouth, New York, 2006)},
  year={2006}
} 

@article{benjamin_stirling_2002,
	title = {A {Stirling} {Encounter} with {Harmonic} {Numbers}},
	volume = {75},
	issn = {0025-570X, 1930-0980},
	url = {https://www.tandfonline.com/doi/full/10.1080/0025570X.2002.11953110},
	doi = {10.1080/0025570X.2002.11953110},
	language = {en},
	number = {2},
	urldate = {2023-12-19},
	journal = {Mathematics Magazine},
	author = {Benjamin, Arthur T. and Preston, Gregory O. and Quinn, Jennifer J.},
	month = apr,
	year = {2002},
	pages = {95--103},
	file = {Benjamin et al. - 2002 - A Stirling Encounter with Harmonic Numbers.pdf:C\:\\Users\\Ignacio Lembo\\Zotero\\storage\\HYRU4KW2\\Benjamin et al. - 2002 - A Stirling Encounter with Harmonic Numbers.pdf:application/pdf},
}
